@article{Wu,
title={A Task Scheduling Algorithm based on
QoS-Driven in Cloud Computing},
author={Wu and Xiaonian and Mengqing Deng and Runlian Zhang and Bing Zeng and Shengyuan Zhou},
Volume = {17},
Number = {2013},
Pages = {1162 - 1169},
Journal={ Procedia Computer Science}
}

@article{Jhang,
title={The Study of Genetic Algorithm-based Task Scheduling
for Cloud Computing},
author={Jang and Sung Ho and Tae Young Kim and Jae Kwon Kim and Jong Sik
Lee},
year={2012},
Journal={ (IJCA)}
}

@article{Paul,
title={Dynamic job Scheduling in Cloud Computing based on
horizontal load balancing},
author={Paul and Mousumi and Debabrata Samanta and and Goutam Sanyal
},
Volume = {5},
Number = {2011},
Pages = {1152 - 1556},
Journal={ (IJCTA)}
}
@article{Bitam,
title={Bees Life Algorithm for job scheduling in cloud
computing },
author={Bitam and Salim
},
year = {2012},
Journal={ International Conference on Computing and
Information Technology}
}
@article{Behzad,
title={Queue
based Job Scheduling algorithm for Cloud computing },
author={Behzad and Shahram and Reza Fotohi and Mehdi Effatparvar.
},
year = {2013},
}
@article{Dumitrescu,
title={ Job Scheduling and Bin Packing from a Game
Theoretical Perspective: An Evolutionary Approach
},
author={Dumitrescu and D.Rodica Ioana Lung and  Noemi Gasko and RÃ©ka
Nagy},
year={2010},
Journal={In Symbolic and Numeric Algorithms for Scientific Computing
(SYNASC),  12th International Symposium 
 IEEE,},
 Pages = {209-214},
}
@article{Ahmed,
title={Using
game theory for scheduling tasks on multi-core processors for
simultaneous optimization of performance and energy
},
author={Ahmad and Ishfaq and Sanjay Ranka and Samee Ullah Khan.},
year={2008},
Journal={IPDPS 2008.
IEEE International Symposium },
Pages = {1-6},
}
@book{Ge,
title={A Game
Theory Based MapReduce Scheduling Algorithm Emerging Technologies for Information Systems
},
author={Song and Ge and Lei Yu and Zide Meng and Xuelian Lin},
year={2013},
publisher={Springer New York},
Pages = {287-296},
}
@article{Pillai,
title={Resource Allocation in
Cloud Computing Using the Uncertainty Principle of Game
Theory},
author={Pillai and Parvathy S. and Shrisha Rao.
}
}
@article{Li,
title={A Non-Cooperative
Game Model for Reliability-Based Task Scheduling in Cloud
Computing },
author={Li and  Kai and  Yong Wang and Meilin Liu.},
year={2014}
}
@article{Abdeyazdan,
title={Task graph pre-scheduling, using Nash equilibrium in game
theory},
author={Abdeyazdan and Marjan and Saeed Parsa and Amir Masoud Rahmani},
Volume = {64},
Number = {2013},
Pages = {177-203},
Journal={The Journal of Supercomputing}
}




